<?xml version="1.0" encoding="UTF-8"?><collection xmlns="http://www.loc.gov/MARC21/slim"><record><leader>00481nam--2200157-i-4500</leader><controlfield tag="001">000034860</controlfield><controlfield tag="002">20161230</controlfield><controlfield tag="005">20161230201040</controlfield><controlfield tag="008">060222s1000------------r-----000-0-eng-d</controlfield><datafield ind1=" " ind2=" " tag="080"><subfield code="a">514.764.9:515.122.29(043)</subfield></datafield><datafield ind1=" " ind2=" " tag="100"><subfield code="a">Nadler, Sam B.Jr</subfield></datafield><datafield ind1=" " ind2=" " tag="245"><subfield code="a">Aecwise accesibility in hyperspace</subfield></datafield><datafield ind1=" " ind2=" " tag="260"><subfield code="a">Warzawa, Panstwowe Wydawnictwo Naukowe, 1976. 33p</subfield></datafield><datafield ind1=" " ind2=" " tag="490"><subfield code="a">Dissertationes Mathematice (Rozprawy Matematyczne</subfield><subfield code="v">Vol. CXXXVIII</subfield></datafield><datafield ind1=" " ind2=" " tag="852"><subfield code="a">7385</subfield></datafield><datafield ind1=" " ind2=" " tag="CAT"><subfield code="a">Sys</subfield><subfield code="c">20080327</subfield><subfield code="h">101322</subfield></datafield></record></collection>